
@misc{scm:script_17_1,
	author = "Prof. Dr. Herbert Glöckle",
	title = "Supply Chain Management --- SAP SCM 7.1 – Script",
	year = "2017"
}

@misc{scm:apo_2,
	author = "SAP Help",
	title = "SAP Advanced Planning and Optimization (SAP APO)",
	url = "https://help.sap.com/saphelp_scm70/helpdata/de/2f/e72d517ae6fc74e10000000a423f68/content.htm",
	note = "[Online; Stand 16. Mai 2017]"
}

@misc{scm:constmodel_3,
	author = "SAP Help",
	title = "Constant Model w. 1st Order Exponential Smoothing",
	url = "https://help.sap.com/saphelp_ewm70/helpdata/en/ac/216b80337b11d398290000e8a49608/content.htm",
	note = "[Online; Stand 16. Mai 2017]"
}

@misc{scm:second_order_exp_4,
	author = "SAP Help",
	title = "Models with Second Order Exponential Smoothing",
	url = "https://help.sap.com/saphelp_ewm70/helpdata/en/47/56b60a02c73b6ae10000000a421138/content.htm",
	note = "[Online; Stand 16. Mai 2017]"
}

@misc{scm:lin_reg_5,
	author = "SAP Help",
	title = "Linear Regression",
	url = "https://help.sap.com/saphelp_ewm70/helpdata/en/46/a07728aeb052b9e10000000a155369/content.htm",
	note = "[Online; Stand 16. Mai 2017]"
}

@misc{scm:season_lin_reg_6,
	author = "SAP Help",
	title = "Seasonal Linear Regression",
	url = "https://help.sap.com/saphelp_ewm70/helpdata/en/46/a5c79ad09852bae10000000a155369/content.htm",
	note = "[Online; Stand 16. Mai 2017]"
}

@misc{scm:trends_season_lin_reg_7,
	author = "SAP Help",
	title = "Trend/Seasonal Models w. 1st Order Exp. Smoothing",
	url = "https://help.sap.com/saphelp_ewm70/helpdata/en/46/a605b9d57052b8e10000000a155369/content.htm",
	note = "[Online; Stand 16. Mai 2017]"
} 

@misc{scm:snp_8,
	author = "SAP Help",
	title = "Supply Network Planning",
	url = "https://help.sap.com/saphelp_scm41/helpdata/en/d5/a073374026023fe10000009b38f8cf/content.htm",
	note = "[Online; Stand 16. Mai 2017]"
}

@misc{scm:planungsmode_9,
	author = "SAP Help",
	title = "Planungsmodus",
	url = "https://help.sap.com/saphelp_scm41/helpdata/de/7b/3accfb51b211d487200000e83235ee/content.htm",
	note = "[Online; Stand 16. Mai 2017]"
}

@misc{scm:cif_10,
	author = "SAP Help",
	title = "Core Interface",
	url = "https://help.sap.com/saphelp_scm70/helpdata/de/9d/28c9535f267414e10000000a174cb4/content.htm",
	note = "[Online; Stand 16. Mai 2017]"
}

@misc{wiki:konsig_17_11,
 	author = "Wikipedia",
 	title = "Konsignationslager --- Wikipedia, Die freie Enzyklopädie",
 	year = "2017",
 	url = "https://de.wikipedia.org/w/index.php?title=Konsignationslager&oldid=165900288",
	note = "[Online; Stand 16. Mai 2017]"
}

@misc{scm:grafik_scm_module_12,
  title = "SCM Module Übersicht",
	url = "https://media.licdn.com/mpr/mpr/AAEAAQAAAAAAAAKRAAAAJGFhNjM1MWY2LTZlMjQtNDgxYi04N2Q3LTIyOTE1YmRiZGVhMQ.jpg",
	note = "[Online; Stand 16. Mai 2017]"
}

@misc{scm:grafik_decentr_lager_13,
	title = "Dezentrales Lager",
	url = "http://scrmblog.com/sites/default/files/images/georgiadiscasestudylimitations.png",
	note = "[Online; Stand 16. Mai 2017]"
}

@misc{scm:grafik_kons_best_kunde_14,
	title = "Kons. Model beim Kunden",
	url = "http://slideplayer.org/slide/877310/2/images/10/Konsignationsbestand+beim+Kunden.jpg",
	note = "[Online; Stand 16. Mai 2017]"
}

